#1 literatura – numerowany wykaz źródeł w porządku alfabetycznym wg autorów
#2 odwołania poprzez numer pozycji na wykazie, w nawiasie []
#3 nazwisko autora,
#	inicjał imienia,
#	tytuł pracy (ewentualnie nr kolejnego wydania, nr tomu) lub artykułu,
#	tytuł czasopisma z którego pochodzi artykuł,
#	miejsce wydania pracy,
#	wydawnictwo,
#	rok wydania,
#	numer zeszytu (w przypadku czasopisma),
#	ewentualnie numery stron
#4 Available tags:
#   address
#   author
#   booktitle
#   chapter
#   edition
#   editor
#   howpublished
#   institution
#   journal
#   key
#   month
#   note
#   number
#   organization
#   pages
#   publisher
#   school
#   series
#   title
#   type
#   volume
#   year

%to be included - phd on tracking (RSSI, coal mine real case)
@conference{article_mine_monitoring_architecture,
	author={J. McBain and M. Timusk},
	title={Software architecture for condition monitoring of mobile underground mining machinery: A framework extensible to intelligent signal processing and analysis},
	booktitle={2012 IEEE Conference on Prognostics and Health Management},
	publisher={IEEE},
	year={2012},
	doi={10.1109/ICPHM.2012.6299543},
	url={http://dx.doi.org/10.1109/ICPHM.2012.6299543},
	pages={1-12},
	address={Beijing, China},
	language={English}
}

@misc{misc_atex_smartphone_brochure,
	author={AIRACOM},
	title={Introducing the IS520.1 for Emergency Response, Security & Military},
	howpublished = {\url{http://www.airacom.com/wp-content/uploads/2016/12/Airacom_Brochure_IS520.1.pdf}},
	note = {[Online; accessed 05-June-2018]}
}

@conference{article_geomagn_navi_mine,
	author={T. Makkonen and R. Heikkilä and A. Kaaranka},
	title={The Applicability of a Geomagnetic Field based Positioning Technique with Mobile Phone to Underground Tunnels},
	booktitle={The 31st International Symposium on Automation and Robotics in Construction and Mining (ISARC 2014)},
	publisher={I.A.A.R.C.},
	year={2014},
	doi={10.22260/ISARC2014/0130},
	url={http://dx.doi.org/10.22260/ISARC2014/0130},
	pages={953-959},
	address={Sydney, Australia},
	language={English}
}

@article{article_inertial_navi_handheld_prob,
  author    = {Arno Solin and Santiago Cortes and Esa Rahtu and Juho Kannala},
  title     = {Inertial Odometry on Handheld Smartphones},
  journal   = {CoRR},
  volume    = {abs/1703.00154},
  year      = {2017},
  url       = {http://arxiv.org/abs/1703.00154},
  eprint    = {1703.00154},
  address={New York, USA}
}

@conference{article_intertial_calibration,
	author={David Tedaldi and Alberto Pretto and Emanuele Menegatti},
	title={A Robust and Easy to Implement Method for IMU Calibration without External Equipments},
	booktitle={2014 IEEE International Conference on Robotics and Automation (ICRA)},
	issn={1050-4729},
	publisher={IEEE},
	year={2014},
	doi={10.1109/ICRA.2014.6907297},
	url={http://dx.doi.org/10.1109/ICRA.2014.6907297},
	pages={3042-3049},
	address={Hong Kong, China},
	language={English}
}

@article{article_intertial_test_smartphone_calibration,
	author={Xiaoji Niu and Qingjiang Wang and You Li and Qingli Li and Jingnan Liu},
	title={Using Inertial Sensors in Smartphones for Curriculum Experiments of Inertial Navigation Technology},
	journal={Education Sciences},
	issn={2227-7102},
	volume={5},
	number={1},
	year={2015},
	doi={10.3390/educsci5010026},
	url={http://dx.doi.org/10.3390/educsci5010026},
	pages={26-46},
	language={English}
}

@article{article_sensors_for_indoor_navi,
	author={Kourosh Khoshelham and Sisi Zlatanova},
	title={Sensors for Indoor Mapping and Navigation},
	journal={Sensors},
	issn={1424-8220},
	volume={16},
	number={5},
	year={2016},
	doi={10.3390/s16050655},
	url={http://dx.doi.org/10.3390/s16050655},
	pages={655},
	language={English}
}

@conference{article_inertial_test_smartphone,
	author={Valentina Marotto and Alberto Serra and Davide Carboni and Mariella Sole and Tiziana Dessi and Andrea Manchinu},
	title={Orientation Analysis through a Gyroscope Sensor for Indoor Navigation Systems},
	booktitle={SENSORDEVICES 2013 : The Fourth International Conference on Sensor Device Technologies and Applications},
	year={2013},
	address={Pula, Italy},
	language={English}
}

@misc{article_smartphone_features_for_indoor_positioning,
	author={Boaz Ben-Moshe and Shiry Reisberg and Nir Shvalb and Roi Yozevitch},
	title={GoIn – An Accurate InDoor Navigation Framework for Mobile Devices},
	howpublished = {\url{https://www.microsoft.com/en-us/research/wp-content/uploads/2015/10/ben-moshe.pdf}},
	year = {2016},
	note = {[Online; accessed 04-June-2018]}
}

@article{article_rss_kalman,
	author={Juan Manuel Castro-Arvizu and Jordi Vilà-Valls and Ana Moragrega and Pau Closas  and Juan A Fernandez-Rubio },
	title={Received signal strength–based indoor localization using a robust interacting multiple model–extended Kalman filter algorithm},
	journal={International Journal of Distributed Sensor Networks},
	publisher={SAGE},
	issn={1553-877X},
	volume={13},
	number={8},
	year={2017},
	page={1524-1545},
	doi={10.1177/1550147717722158},
	url={http://dx.doi.org/10.1177/1550147717722158},
	address={USA},
	language={English}
}

@article{article_rf_propagation_practical_full,
	author={Arghavan Emami Forooshani and Shahzad Bashir and David G. Michelson and Sima Noghanian},
	title={A Survey of Wireless Communications and Propagation Modeling in Underground Mines},
	journal={IEEE Communications Surveys & Tutorials},
	publisher={IEEE},
	issn={1553-877X},
	volume={15},
	number={4},
	year={2013},
	page={1524-1545},
	doi={10.1109/SURV.2013.031413.00130},
	url={http://dx.doi.org/10.1109/SURV.2013.031413.00130},
	address={USA},
	language={English}
}

@article{article_rfid_imu_safety_nav,
	author={Ke-fei Zhang and Ming Zhu and Yun-jia Wang and Er-jiang Fu and William Cartwright},
	title={Underground mining intelligent response and rescue systems},
	journal={Procedia Earth and Planetary Science},
	publisher={Elsevier BV},
	issn={1878-5220},
	volume={1},
	number={1},
	year={2009},
	page={1044-1053},
	doi={10.1016/j.proeps.2009.09.161},
	url={http://dx.doi.org/10.1016/j.proeps.2009.09.161},
	address={Jiangsu, China},
	language={English}
}

@conference{article_mine_communications_3_characteristics,
	author={A. Ranjan and H B Sahu},
	title={Advancements in communication and safety systems in underground mines: present status and future prospects},
	booktitle={International Engineering Conference on Design and Innovation in Sustainability 2014},
	year={2014},
	url={http://hdl.handle.net/2080/2145},
	address={Amman, Jordan},
	language={English}
}

@article{article_mine_communications_safety,
	author={Serhan Yarkan and Sabih Guzelgoz and  Huseyin Arslan and Robin R. Murphy},
	title={Underground Mine Communications: A Survey},
	journal={IEEE Communications Surveys & Tutorials},
	issn={1553-877X},
	volume={11},
	number={3},
	doi={10.1109/SURV.2009.090309},
	url={http://dx.doi.org/10.1109/SURV.2009.090309},
	pages={125-142},
	year={2009},
	language={English}
}

@article{article_Inertial-sensors-for-smartphones,
	author={P. Dabove and G. Ghinamo and A. M. Lingua},
	title={Inertial sensors for smartphones navigation},
	journal={SpringerPlus},
	issn={2193-1801},
	volume={4},
	number={1},
	doi={10.1186/s40064-015-1572-8},
	url={http://dx.doi.org/10.1186/s40064-015-1572-8},
	pages={834},
	year={2015},
	language={English}
}

% article_mine_communications_wifi
@article{article-wireless-undeground-critics,
	author={Ashutosh Patri and Abhijit Nayak and S. Jayanthu},
	title={Wireless Communication Systems For Underground Mines – A Critical Appraisal},
	journal={International Journal of Engineering Trends and Technology(IJETT)},
	issn={2231-5381},
	volume={4},
	number={7},
	year={2013},
	pages={3149-3153},
	language={English}
}

@conference{article_visual_points_AR_navi,
	author={Alessandro Mulloni and Hartmut Seichter and Dieter Schmalstieg},
	title={Handheld augmented reality indoor navigation with activity-based instructions},
	booktitle={MobileHCI '11 Proceedings of the 13th International Conference on Human Computer Interaction with Mobile Devices and Services},
	isbn={978-1-4503-0541-9},
	year={2011},
	pages={211-220},
	doi={10.1145/2037373.2037406},
	url={http://dx.doi.org/10.1145/2037373.2037406},
	address={Stockholm, Sweden},
	language={English}
}

@article{article_inertial_active_beacons_calculus_kalman,
	author={Khonzi Hlophe},
	title={An Embedded Underground Navigation System},
	journal={Sensors},
	issn={1424-8220},
	volume={15},
	number={9},
	year={2015},
	doi={10.3390/s150924595},
	url={http://dx.doi.org/10.3390/s150924595},
	pages={24595-24614},
	language={English}
}

@conference{article_rssi_learning_and_filtering_for_navi,
	author={Zhu jianyong and Chen zili and Luo haiyong and Li zhaohui},
	title={RSSI based Bluetooth low energy indoor positioning},
	booktitle={2014 International Conference on Indoor Positioning and Indoor Navigation (IPIN)},
	isbn={978-1-4673-8054-6},
	year={2014},
	doi={10.1109/IPIN.2014.7275525},
	url={http://dx.doi.org/10.1109/IPIN.2014.7275525},
	address={Busan, South Korea},
	language={English}
}

@conference{article_indoor_ble_rssi_filtering,
	author={Song Chai and Renbo An and Zhengzhong Du},
	title={An Indoor Positioning Algorithm Using Bluetooth Low Energy RSSI},
	booktitle={International Conference on Advanced Material Science and Environmental Engineering (AMSEE 2016)},
	isbn={978-94-6252-209-1},
	issn={2352-5401},
	doi={10.2991/amsee-16.2016.72},
	url={http://dx.doi.org/10.2991/amsee-16.2016.72},
	pages={331-343},
	address={Thailand},
	year={2016},
	language={English}
}

@article{article_inertial_wifi_smartphone_fusion_kalman,
	author={Guoliang Chen and Xiaolin Meng and and Yunjia Wang and Yanzhe Zhang and Peng Tian and Huachao Yang},
	title={Integrated WiFi/PDR/Smartphone Using an Unscented Kalman Filter Algorithm for 3D Indoor Localization},
	journal={Sensors},
	issn={1424-8220},
	volume={15},
	number={9},
	year={2015},
	doi={10.3390/s150924595},
	url={http://dx.doi.org/10.3390/s150924595},
	pages={24595-24614},
	language={English}
}

@mastersthesis{thesis_smartphone_inertial_plus_rfid,
	author={Benjamin Loulier},
	title={Using smartphones for indoor navigation},
	school={Purdue University},
	address={West Lafayette, Indiana, USA},
	year={2011},
	language={English}
}

@mastersthesis{indoor_navi_for_android,
	author={Jiayi Xin},
	title={An Indoor Navigation System Using a Sensor Fusion Scheme on Android Platform},
	school={Marquette University},
	address={Marquette, Wisconsin, USA},
	year={2009},
	language={English}
}

@mastersthesis{indoor_positioning_for_ar_PhD_GOOD,
	author={Stelian-Florin Persa},
	title={Sensor Fusion in Head Pose Tracking for Augmented Reality},
	school={Inginer Universitatea Tehnica din Cluj-Napoca},
	address={Cluj-Napoca, Romania},
	year={2006},
	language={English},
	url={https://unbscholar.lib.unb.ca/islandora/object/unbscholar%3A8020}
}

@mastersthesis{thesis_ins_algorithms_for_android,
	author={Eduardo Infante},
	title={Development and Assessment of Loosely-Coupled INS using. Smartphone Sensors},
	school={University of New Brunswick},
	address={Fredericton, N.B. Canada},
	year={2016},
	language={English},
	url={https://unbscholar.lib.unb.ca/islandora/object/unbscholar%3A8020}
}

@mastersthesis{report_indoor_navi_for_smartphones,
	author={Abhijit Chandgadkar},
	title={An Indoor Navigation System For Smartphones},
	school={Imperial College London},
	address={London, Great Britain},
	year={2013},
	language={English}
}

@mastersthesis{indoor_navi_for_android2,
	author={Michal Holčík},
	title={Indoor Navigation for Android},
	school={Masaryk University},
	address={Brno, Czech Republic},
	year={2012},
	language={English}
}

@mastersthesis{indoor_positioning_for_ar,
	author={Robert B. Glass},
	title={Mobile Indoor Positioning for Augmented Reality Systems},
	school={Virginia Commonwealth University},
	address={Richmond, Virginia},
	year={2014},
	language={English}
}

@article{rssi_smoothing,
	author={Anuradha Jayakody and Shashika Lokuliyana and Dinusha Chathurangi and Demini Vithana},
	title={Indoor Positioning: Novel Approach for Bluetooth Networks using RSSI Smoothing},
	journal={International Journal of Computer Applications},
	issn={0975-8887},
	volume={137},
	number={13},
	year={2016},
	doi={10.5120/ijca2016909028},
	url={http://dx.doi.org/10.5120/ijca2016909028},
	pages={26-32},
	language={English}
}

@conference{visible_light_positioning_epsilon,
	author={Liqun Li and Pan Hu and Chunyi Peng and Guobin Shen and Feng Zhao},
	title={Epsilon: A Visible Light Based Positioning System},
	booktitle={Proceedings of the 11th USENIX Symposium on Networked Systems Design and Implementation (NSDI ’14).},
	isbn={978-1-931971-09-6},
	url={https://www.usenix.org/node/179778},
	pages={331-343},
	address={Seattle, USA},
	year={2014},
	language={English}
}

@misc{android7.0_cdd,
	title = {Android 7.0 Compatibility Definition Document},
	author = {Inc. Google},
	howpublished = {\url{https://source.android.com/compatibility/7.0/android-7.0-cdd.pdf}},
	year = {2016},
	note = {[Online; accessed 23-May-2018]}
}

@article{rf_in_tunnel_waveguide_effect,
	author={M.M. Ilic and  A.Z. Ilic and  B.M. Notaros},
	title={Higher Order Large-Domain FEM Modeling of 3-D Multiport Waveguide Structures With Arbitrary Discontinuities},
	journal={IEEE Transactions on Microwave Theory and Techniques},
	issn={0018-9480},
	volume={52},
	number={6},
	year={2004},
	doi={10.1109/TMTT.2004.828457},
	url={http://dx.doi.org/10.1109/TMTT.2004.828457},
	pages={1608-1614},
	language={English}
}

@misc{rf_in_mines_straight_gallery,
	author={L. K. Bandyopadhyay and P. K. Mishra and Sudhir Kumar and A. Narayan},
	title={Radio frequency communication systems in underground mines},
	year={2005},
	language={English},
	address={Dhanbad, India},
	note={Dhanbad, India}
}

@mastersthesis{beacons_ble_evaluation,
	author={Oleksandr Stambulskyy},
	title={System inteligentnej lokalizacji wykorzystujący technologię Bluetooth Smart dla zwiększenia bezpieczeństwa oraz zwiększenia wydajności w górnictwie podziemnym},
	school={Politechnika Wrocławska},
	address={Wroclaw, Poland},
	year={2017},
	language={Polish}
}

@mastersthesis{beacon_rssi_analysis,
	author={Erik Dahlgren and Hasan Mahmood},
	title={Evaluation of indoor positioning based on Bluetooth  Smart technology},
	school={Chalmers University of Technology},
	address={Göteborg, Sweden},
	year={2014},
	url={https://pdfs.semanticscholar.org/2961/435e73a2348075602d3e89d24ce20429f74d.pdf}
}


@article{RSSI_path_loss_prediction_model,
	author={S.Y. Seidel and T.S. Rappaport},
	title={914 MHz path loss prediction models for indoor wireless communications in multifloored building},
	journal={IEEE Transactions on Antennas and Propagation},
	issn={0018-926X},
	volume={40},
	number={2},
	year={1992},
	doi={10.1109/8.127405},
	url={http://dx.doi.org/10.1109/8.127405},
	pages={207-217},
	language={English}
}

% thesis_human_slam_rssi_kalman.pdf
@mastersthesis{discover_beacons_and_position,
	author={Wouter Bulten},
	title={Human SLAM - Simultaneous Localisation and Configuration (SLAC) of
indoor Wireless Sensor Networks and their users},
	school={Radboud University},
	year={2015},
	url={http://theses.ubn.ru.nl/handle/123456789/264}
}

% thesis_enhanced_indoor_loc_sys_basing_on_inertial.pdf
@mastersthesis{inertial_navi_velocity_model,
	author={Rasika Lakmal Hettiarachchige Don},
	title={Enhanced Indoor Localization System based on Inertial Navigation},
	school={The University of Western Ontario},
	year={2016},
	url={https://ir.lib.uwo.ca/etd/3477}
}

@article{inertial_navi_pocket,
	author={Zhi-An Deng and Guofeng Wang and Ying Hu and Di Wu},
	title={Heading Estimation for Indoor Pedestrian Navigation Using a Smartphone in the Pocket},
	journal={Sensors},
	issn={1424-8220},
	volume={15},
	year={2015},
	doi={10.3390/s150921518},
	url={http://dx.doi.org/10.3390/s150921518},
	pages={21518-21536},
	language={English}
}

@article{inertial_navi_unaided,
	author={Estefania Munoz Diaz},
	title={Inertial Pocket Navigation System: Unaided 3D Positioning},
	journal={Sensors},
	issn={1424-8220},
	volume={15},
	year={2015},
	doi={10.3390/s150409156},
	url={http://dx.doi.org/10.3390/s150409156},
	pages={9156-9178},
	language={English}
}

% thesis_intertial_navi_for_bicycles
@mastersthesis{inertial_navi_bike,
	author={Cristiano Rodrigues},
	title={Smartphone-based Inertial Navigation System for Bicycles},
	school={Universidade do Porto},
	address={Porto, Portugal},
	year={2015},
	url={https://repositorio-aberto.up.pt/bitstream/10216/83476/2/35998.pdf}
}

@conference{inertial_navi_subway,
	author={Thomas Stockx and Brent Hecht and Johannes Schöning},
	title={SubwayPS: towards smartphone positioning in underground public transportation systems},
	booktitle={SIGSPATIAL '14 Proceedings of the 22nd ACM SIGSPATIAL International Conference on Advances in Geographic Information Systems},
	doi={10.1145/2666310.2666396},
	url={http://dx.doi.org/10.1145/2666310.2666396},
	pages={93-102},
	address={Dallas, Texas},
	year={2014},
	language={English}
}

@conference{visible_light_positioning,
	author={Wansheng Pan and Yinan Hou and Shilin Xiao},
	title={Visible light indoor positioning based on camera with specular reflection cancellation},
	booktitle={2017 Conference on Lasers and Electro-Optics Pacific Rim (CLEO-PR)},
	doi={10.1109/CLEOPR.2017.8118636},
	url={http://dx.doi.org/10.1109/CLEOPR.2017.8118636},
	year={2017},
	language={English}
}

@article{GPS_retransmission_differential,
	author={Rui Xu and Wu Chen and Ying Xu and Shengyue Ji and Jianye Liu},
	title={Improved GNSS-based indoor positioning algorithm for mobile devices},
	journal={GPS Solutions},
	issn={1080-5370},
	volume={21},
	number={4},
	year={2017},
	doi={10.1007/s10291-017-0647-0},
	url={http://dx.doi.org/10.1007/s10291-017-0647-0},
	pages={1721–1733},
	language={English}
}

@article{terrestrial_positioning_tdoa,
	author={Jun Mo and Zhongliang Deng and Buyun Jia and Xinmei Bian},
	title={A Pseudorange Measurement Scheme Based on Snapshot for Base Station Positioning Receivers},
	journal={Sensors},
	issn={1424-8220},
	volume={17},
	number={12},
	year={2017},
	doi={10.3390/s17122783},
	url={http://dx.doi.org/10.3390/s17122783},
	pages={2783},
	language={English}
}

@article{terrestrial_positioning,
	author={Zhongliang Deng and Jun Mo and Buyun Jia and Xinmei Bian},
	title={An Acquisition Scheme Based on a Matched Filter for Novel Communication and Navigation Fusion Signals},
	journal={Sensors},
	issn={1424-8220},
	volume={17},
	number={2},
	year={2017},
	doi={10.3390/s17081766},
	url={http://dx.doi.org/10.3390/s17081766},
	pages={1766},
	language={English}
}

@article{GPS_retransmission,
	author={Rui Xu and Wu Chen and Ying Xu and Shengyue Ji},
	title={A New Indoor Positioning System Architecture Using GPS Signals},
	journal={Sensors},
	issn={1424-8220},
	volume={15},
	number={5},
	year={2015},
	doi={10.3390/s150510074},
	url={http://dx.doi.org/10.3390/s150510074},
	pages={10074-10087},
	language={English}
}

@conference{WLAN_fingerprinting,
	author={Binghao Li and Yufei Wang and Hyung Keun Lee and Andrew Dempster and Chris Rizos},
	title={A New Method for Yielding a Database of Location Fingerprints in WLAN},
	booktitle={IEEE Proceedings-Communications},
	year={2005}
}

@mastersthesis{thesis_tablet_positioning,
	author={John Svensson},
	title={Investigation of Inertial Navigation for Localization in Underground Mines},
	school={Uppsala University},
	year={2015},
	issn={1401-5757},
	url={http://uu.diva-portal.org/smash/record.jsf?faces-redirect=true&aq2=%5B%5B%5D%5D&af=%5B%5D&searchType=SIMPLE&sortOrder2=title_sort_asc&query=&language=sv&pid=diva2%3A881587&aq=%5B%5B%5D%5D&sf=all&aqe=%5B%5D&sortOrder=author_sort_asc&onlyFullText=false&noOfRows=50&dswid=9937},
	address={Uppsala, Sweden}
}

# article_positioning_for_mine.pdf
@misc{positioning_tests,
	author={Binghao Li and Kai Zhao and Serkan Saydam and Chris Rizos and Jian Wang and Qiang Wang},
	title={Third Generation Positioning System for Underground Mine Environments: An update on progress},
	year={2016},
	address={Australia}
}

@article{GLON,
	author={Antoni Wojaczek},
	title={Application of leaky feeder in vehicle positioning system in mines},
	journal={Przegląd Górniczy},
	issn={0033-216X},
	volume={70},
	number={1},
	year={2014},
	pages={1-8},
	language={Polish}
}

@misc{newspaper_rudna,
	author={Ewa Wilczyńska},
	title={Strong shock at the KGHM Rudna mine. Eight miners are dead. },
	howpublished = {Gazeta Wyborcza online: \url{http://wroclaw.wyborcza.pl/wroclaw/1,35771,21049452,silny-wstrzas-w-kopalni-kghm-siedmiu-gornikow-wciaz-pod-ziemia.html}},
	year = {2016},
	note = {[Polish; Online; accessed 13-January-2018]}
}

@misc{ZigBee_desc,
	author={Meng-Shiuan Pan and Yu-Chee Tseng},
	title={ZigBee Wireless Sensor Networks and Their Applications},
	howpublished={National Chiao Tung University},
	note = {not published}
}

@article{ZigBee_applications,
	author={Kanchan Kaushal and Taranvir Kaur and Jaspinder Kaur},
	title={ZigBee based Wireless Sensor Networks},
	journal={International Journal of Computer Science and Information Technologies},
	issn={0975-9646},
	volume={5},
	number={6},
	year={2014},
	pages={7752-7755},
	language={English}
}

@article{WSN_collective,
	author={Ryszard Klempous},
	title={Collective Behavior in Wireless Sensor Networks},
	journal={Acta Polytechnica Hungarica},
	issn={1424-8220},
	volume={14},
	number={4},
	year={2014},
	doi={10.12700/APH.25.04.2014.04.7},
	url={http://dx.doi.org/10.12700/APH.25.04.2014.04.7},
	pages={101-118},
	language={English}
}

@book{Book_wireless_in_mines,
	author={L.K. Bandyopadhyay and S.K. Chaulya and P.K. Mishra},
	title={Wireless Communication in Underground Mines},
	publisher={Springer Science+Business Media},
	address={New York},
	year={2010},
	doi={10.1007/978-0-387-98165-9},
	url={http://dx.doi.org/10.1007/978-0-387-98165-9}
}

@phdthesis{Thesis_CM,
	author={Christoph Müller},
	title={Applicability of Wired and Wireless Ethernet Networking Systems as Unified Safety Relevant Communication System in Underground Mines},
	school={Universitatea Transilvania din Braşov},
	address={Brasov, Romania},
	year={2013}
}

@conference{WSN_tracking,
	author={Wen-li Ji and Kang Sun},
	title={Locating and Tracking System of Underground Miner Based on IOT},
	booktitle={International Conference on Applied Mathematics and Mechanics},
	year={2016}
}

@article{WSN_monitoring,
	author={Yu Zhang and Wei Yang and Dongsheng Han and Young-Il Kim},
	title={An Integrated Environment Monitoring System for Underground Coal Mines—Wireless Sensor Network Subsystem with Multi-Parameter Monitoring},
	journal={Sensors},
	issn={1424-8220},
	volume={14},
	year={2014},
	doi={10.3390/s140713149},
	url={http://dx.doi.org/10.1007/s00265-002-0507-x},
	pages={13149-13170},
	language={English}
}

# Old - left for reference
@conference{GGA,
	author={Rejeb, J. and AbuElhaij, M.},
	booktitle={Circuits and Systems, 2000. Proceedings of the 43rd IEEE Midwest Symposium on},
	title={{N}ew gender genetic algorithm for solving graph partitioning problems},
	year={2000},
	month={},
	volume={1},
	pages={444-446 vol.1},}

@conference{SexualGA,
	Address = {Institute for Formal Models and Verification, Johannes Kepler University},
	Author = {Wagner, S. and Affenzeller, M.},
	Booktitle = {WMSCI 2005 - The 9th World Multi-Conference on Systemics, Cybernetics and Informatics, Proceedings},
	Edition = {4},
	Pages = {76-81},
	Title = {{S}exual{G}{A}: {G}ender-specific selection for genetic algorithms.},
	Volume = {4},
	URL = {http://search.ebscohost.com/login.aspx?direct=true&db=edselc&AN=edselc.2-52.0-33847106895&lang=pl&site=eds-live&authtype=ip,uid},
	Year = {2005},
}

@book{davis1991handbook,
	title={Handbook of genetic algorithms},
	author={Davis, Lawrence and others},
	volume={115},
	year={1991},
	publisher={Van Nostrand Reinhold},
	address={New York}
}

@conference{gen_prog,
	title={A representation for the adaptive generation of simple sequential programs},
	author={Cramer, Nichael Lynn},
	booktitle={Proceedings of the First International Conference on Genetic Algorithms},
	pages={183--187},
	year={1985}
}

@article{gen_prog_foo_approx,
	year={2003},
	issn={1389-2576},
	journal={Genetic Programming and Evolvable Machines},
	volume={4},
	number={3},
	doi={10.1023/A:1025176407779},
	title={Automated Discovery of Numerical Approximation Formulae via Genetic Programming},
	url={http://dx.doi.org/10.1023/A%3A1025176407779},
	publisher={Kluwer Academic Publishers},
	keywords={genetic programming; approximations; symbolic regression; Pareto optimality},
	author={Streeter, Matthew and Becker, LeeA.},
	pages={255-286},
	language={English}
}


@article{pletwonogiMajaHaremy,
	year={2002},
	issn={0340-5443},
	journal={Behavioral Ecology and Sociobiology},
	volume={52},
	number={3},
	doi={10.1007/s00265-002-0507-x},
	title={Phylogenetic analyses of sexual selection and sexual size dimorphism in pinnipeds},
	url={http://dx.doi.org/10.1007/s00265-002-0507-x},
	publisher={Springer-Verlag},
	keywords={Harem size Body size Comparative analyses},
	author={Lindenfors, Patrik and Tullberg, BirgittaS. and Biuw, Martin},
	pages={188-193},
	language={English}
}

@misc{sahara_points,
	title = {Western {S}ahara {TSP} dataset.},
	author = { University of Waterloo },
	howpublished = {\url{http://www.math.uwaterloo.ca/tsp/world/countries.html}},
	year = {2015},
	note = {[Online; accessed 19-July-2015]}
}

@misc{knapsack_data,
	author = {Walt Barker},
	title = {"Medium" 0-1 knapsack dataset. {D}ostępne pod adresem \url{https://raw.githubusercontent.com/jaredtking/knapsack-lisp/master/datasets/medium} dnia 26.04.2015}
}


@article{tsp_mutations,
	title={Analyzing the Performance of Mutation Operators to Solve the Travelling Salesman Problem},
	author={Abdoun, Otman and Abouchabaka, Jaafar and Tajani, Chakir},
	journal={arXiv preprint arXiv:1203.3099},
	year={2012}
}

@conference{msga,
	author={Lis, J. and Eiben, A.E.},
	booktitle={IEEE International Conference on Evolutionary Computation},
	title={A multi-sexual genetic algorithm for multiobjective optimization},
	year={1997},
	month={Apr},
	pages={59-64},}

@article{allenson,
	title={Genetic algorithms with gender for multi-function optimisation},
	author={Allenson, Robin},
	journal={Edinburgh Parallel Computing Centre, Edinburgh, Scotland, Tech. Rep. EPCC-SS92-01},
	year={1992}
}

@incollection{ansotegui,
	title={A gender-based genetic algorithm for the automatic configuration of algorithms},
	author={Ans{\'o}tegui, Carlos and Sellmann, Meinolf and Tierney, Kevin},
	booktitle={Principles and Practice of Constraint Programming-CP 2009},
	pages={142--157},
	year={2009},
	publisher={Springer}
}

@article{sanchez,
	title={Gendered selection strategies in genetic algorithms for optimization},
	author={S{\'a}nchez-Velazco, Jose and Bullinaria, John A},
	journal={survival},
	volume={8},
	number={6},
	pages={11},
	year={2003}
}

@conference{simulating,
	title={Simulating Gender Separation With Genetic Algorithms.},
	author={Vrajitoru, Dana},
	booktitle={GECCO},
	pages={634--641},
	year={2002}
}
